@article{Quinn1984,
    address = {New York, NY, USA},
    author = {Quinn, Michael J. and Deo, Narsingh},
    doi = {10.1145/2514.2515},
    issn = {0360-0300},
    journal = {ACM Comput. Surv.},
    keywords = {contribution, graphs, networks, social, tagging, user},
    month = {September},
    number = {3},
    pages = {319--348},
    posted-at = {2011-01-25 19:28:23},
    priority = {2},
    publisher = {ACM},
    title = {{Parallel graph algorithms}},
    url = {http://dx.doi.org/10.1145/2514.2515},
    volume = {16},
    year = {1984}
}

@article{Atallah1984,
    author = {Atallah, M.},
    doi = {10.1016/0022-0000(84)90003-5},
    issn = {00220000},
    journal = {Journal of Computer and System Sciences},
    keywords = {euler, parallel, tour},
    month = {December},
    number = {3},
    pages = {330--337},
    priority = {2},
    title = {{Finding Euler tours in parallel}},
    url = {http://dx.doi.org/10.1016/0022-0000(84)90003-5},
    volume = {29},
    year = {1984}
}

@inproceedings{Wei2010,
    address = {New York, NY, USA},
    author = {Wei, Fang},
    booktitle = {Proceedings of the 2010 international conference on Management of data},
    doi = {10.1145/1807167.1807181},
    isbn = {978-1-4503-0032-2},
    keywords = {algorithms, community, detection, gpu, graphs, networks, social},
    location = {Indianapolis, Indiana, USA},
    pages = {99--110},
    priority = {2},
    publisher = {ACM},
    series = {SIGMOD '10},
    title = {{TEDI: efficient shortest path query answering on graphs}},
    url = {http://dx.doi.org/10.1145/1807167.1807181},
    year = {2010}
}

@article{Hendrickson2008,
    author = {Hendrickson, Bruce and Berry, Jonathan W.},
    booktitle = {Computing in Science \& Engineering},
    doi = {10.1109/MCSE.2008.56},
    issn = {1521-9615},
    journal = {Computing in Science \& Engineering},
    month = {March},
    number = {2},
    pages = {14--19},
    priority = {3},
    title = {{Graph Analysis with High-Performance Computing}},
    url = {http://dx.doi.org/10.1109/MCSE.2008.56},
    volume = {10},
    year = {2008}
}

@article{Zerbino2008,
    author = {Zerbino, Daniel R. and Birney, Ewan},
    booktitle = {Genome Research},
    day = {1},
    doi = {10.1101/gr.074492.107},
    issn = {1088-9051},
    journal = {Genome research},
    month = {May},
    number = {5},
    pages = {821--829},
    priority = {2},
    title = {{Velvet: algorithms for de novo short read assembly using de Bruijn graphs.}},
    url = {http://dx.doi.org/10.1101/gr.074492.107},
    volume = {18},
    year = {2008}
}

@inproceedings{Malewicz2009,
    address = {New York, NY, USA},
    author = {Malewicz, Grzegorz and Austern, Matthew H. and Bik, Aart J. C. and Dehnert, James C. and Horn, Ilan and Leiser, Naty and Czajkowski, Grzegorz},
    booktitle = {Proceedings of the 28th ACM symposium on Principles of distributed computing},
    doi = {10.1145/1582716.1582723},
    isbn = {978-1-60558-396-9},
    location = {Calgary, AB, Canada},
    pages = {6},
    publisher = {ACM},
    series = {PODC '09},
    title = {{Pregel: a system for large-scale graph processing}},
    url = {http://dx.doi.org/10.1145/1582716.1582723},
    year = {2009}
}

@inproceedings{Gregor2005,
    author = {Gregor, Douglas and Lumsdaine, Andrew},
    booktitle = {In Parallel Object-Oriented Scientific Computing (POOSC},
    title = {{The parallel BGL: A generic library for distributed graph computations}},
    url = {http://citeseerx.ist.psu.edu/viewdoc/summary?doi=10.1.1.84.2137},
    year = {2005}
}

@misc{McCloskey2010,
    author = {McCloskey, Joe},
    booktitle = {SIAM AN10 Minisymposium on Analyzing Massive Real-World Graphs},
    howpublished = {http://www.graphanalysis.org/SIAM-AN10/02\_McCloskey.pdf},
    title = {{Modularity and Graph Algorithms}},
    url = {http://www.graphanalysis.org/SIAM-AN10/02\_McCloskey.pdf}
}

@inproceedings{Sungpack2010,
    author = {Sungpack Hong, Sang K.},
    title = {{Accelerating CUDA Graph Algorithms at Maximum Warp}},
    url = {http://ppl.stanford.edu/papers/ppopp070a-hong.pdf}
}

@incollection{Harish2007,
    address = {Berlin, Heidelberg},
    author = {Harish, Pawan and Narayanan, P.},
    booktitle = {High Performance Computing – HiPC 2007},
    chapter = {21},
    doi = {10.1007/978-3-540-77220-0\_21},
    editor = {Aluru, Srinivas and Parashar, Manish and Badrinath, Ramamurthy and Prasanna, Viktor},
    isbn = {978-3-540-77219-4},
    journal = {High Performance Computing – HiPC 2007},
    pages = {197--208},
    publisher = {Springer Berlin / Heidelberg},
    series = {Lecture Notes in Computer Science},
    title = {{Accelerating Large Graph Algorithms on the GPU Using CUDA}},
    url = {http://dx.doi.org/10.1007/978-3-540-77220-0\_21},
    volume = {4873},
    year = {2007}
}

@article{Demetrescu2004,
    address = {New York, NY, USA},
    author = {Demetrescu, Camil and Italiano, Giuseppe F.},
    doi = {10.1145/1039488.1039492},
    issn = {0004-5411},
    journal = {J. ACM},
    keywords = {534l, community, detection, improvement},
    number = {6},
    pages = {968--992},
    publisher = {ACM},
    title = {{A new approach to dynamic all pairs shortest paths}},
    url = {http://dx.doi.org/10.1145/1039488.1039492},
    volume = {51},
    year = {2004}
}

@article{Demestrescu2006,
    address = {New York, NY, USA},
    author = {Demetrescu, Camil and Italiano, Giuseppe F.},
    doi = {10.1145/1198513.1198519},
    issn = {1549-6325},
    journal = {ACM Trans. Algorithms},
    number = {4},
    pages = {578--601},
    posted-at = {2011-01-10 19:22:48},
    priority = {2},
    publisher = {ACM},
    title = {{Experimental analysis of dynamic all pairs shortest path algorithms}},
    url = {http://dx.doi.org/10.1145/1198513.1198519},
    volume = {2},
    year = {2006}
}

@inproceedings{Katz2008,
    address = {Aire-la-Ville, Switzerland, Switzerland},
    author = {Katz, Gary J. and Kider, Joseph T.},
    booktitle = {GH '08: Proceedings of the 23rd ACM SIGGRAPH/EUROGRAPHICS symposium on Graphics hardware},
    isbn = {978-3-905674-09-5},
    location = {Sarajevo, Bosnia and Herzegovina},
    pages = {47--55},
    posted-at = {2011-01-10 19:21:39},
    priority = {3},
    publisher = {Eurographics Association},
    title = {{All-pairs shortest-paths for large graphs on the GPU}},
    url = {http://portal.acm.org/citation.cfm?id=1413957.1413966},
    year = {2008}
}

@article{Newman2004,
    author = {Newman, M. E. J. and Girvan, M.},
    doi = {10.1103/PhysRevE.69.026113},
    journal = {Physical Review E},
    keywords = {534l, community, detection, networks, social},
    month = {Feb},
    number = {2},
    pages = {026113+},
    posted-at = {2011-01-10 19:20:56},
    priority = {0},
    publisher = {American Physical Society},
    title = {{Finding and evaluating community structure in networks}},
    url = {http://dx.doi.org/10.1103/PhysRevE.69.026113},
    volume = {69},
    year = {2004}
}

@book{Cormen2009,
author = {Cormen, Thomas H. and Leiserson, Charles E. and Rivest, Ronald L. and Stein, Clifford},
edition = {3},
isbn = {0262033844},
month = {September},
publisher = {The MIT Press},
title = {{Introduction to Algorithms, Third Edition}},
year = {2009}
}

@article{Kulkarni2009,
    address = {New York, NY, USA},
    author = {Kulkarni, Milind and Burtscher, Martin and Inkulu, Rajeshkar and Pingali, Keshav and Cas\c{c}aval, Calin},
    doi = {10.1145/1594835.1504181},
    issn = {0362-1340},
    journal = {SIGPLAN Not.},
    month = {February},
    number = {4},
    pages = {3--14},
    publisher = {ACM},
    title = {{How much parallelism is there in irregular applications?}},
    url = {http://dx.doi.org/10.1145/1594835.1504181},
    volume = {44},
    year = {2009}
}

@article{zerbino2008velvet,
  title={{Velvet: algorithms for de novo short read assembly using de Bruijn graphs}},
  author={Zerbino, D.R. and Birney, E.},
  journal={Genome research},
  volume={18},
  number={5},
  pages={821},
  issn={1088-9051},
  year={2008},
  publisher={Cold Spring Harbor Lab}
}

@article{pevzner2001eulerian,
  title={{An Eulerian path approach to DNA fragment assembly}},
  author={Pevzner, P.A. and Tang, H. and Waterman, M.S.},
  journal={Proceedings of the National Academy of Sciences of the United States of America},
  volume={98},
  number={17},
  pages={9748},
  year={2001},
  publisher={National Acad Sciences}
}

@article{lumsdaine2007challenges,
  title={{Challenges in parallel graph processing}},
  author={Lumsdaine, A. and Gregor, D. and Hendrickson, B. and Berry, J. and Guest Editors, J.},
  journal={Parallel Processing Letters},
  volume={17},
  number={1},
  pages={5--20},
  issn={0129-6264},
  year={2007},
  publisher={Citeseer}
}

@article{gregor2005parallel,
  title={{The Parallel BGL: A generic library for distributed graph computations}},
  author={Gregor, D. and Lumsdaine, A.},
  journal={Parallel Object-Oriented Scientific Computing (POOSC)},
  year={2005},
  publisher={Citeseer}
}

@article{simpson2009abyss,
  title={{ABySS: A parallel assembler for short read sequence data}},
  author={Simpson, J.T. and Wong, K. and Jackman, S.D. and Schein, J.E. and Jones, S.J.M. and Birol, {\.I}.},
  journal={Genome research},
  volume={19},
  number={6},
  pages={1117},
  issn={1088-9051},
  year={2009},
  publisher={Cold Spring Harbor Lab}
}

@article{venter2010multiple,
  title={{Multiple personal genomes await}},
  author={Venter, J.C.},
  journal={Nature},
  volume={464},
  number={7289},
  pages={676--677},
  issn={0028-0836},
  year={2010},
  publisher={Nature Publishing Group}
}

@article{schatz2010high,
  title={{High Performance Computing for DNA Sequence Alignment and Assembly}},
  author={Schatz, M.C.},
  year={2010}
}

@article{dehne2010exploring,
  title={{Exploring the Limits of GPUs With Parallel Graph Algorithms}},
  author={Dehne, F. and Yogaratnam, K.},
  journal={Arxiv preprint arXiv:1002.4482},
  year={2010}
}

@article{Meyer2003,
    address = {Duluth, MN, USA},
    author = {Meyer, U.},
    doi = {10.1016/S0196-6774(03)00076-2},
    issn = {01966774},
    journal = {Journal of Algorithms},
    month = {October},
    number = {1},
    pages = {114--152},
    publisher = {Academic Press, Inc.},
    title = {{$\Delta$-stepping: a parallelizable shortest path algorithm}},
    url = {http://dx.doi.org/10.1016/S0196-6774(03)00076-2},
    volume = {49},
    year = {2003}
}

@article{Valiant1990,
    address = {New York, NY, USA},
    author = {Valiant, Leslie G.},
    doi = {10.1145/79173.79181},
    issn = {0001-0782},
    journal = {Commun. ACM},
    keywords = {algorithms, computing, gpu, models, parallel},
    month = aug,
    number = {8},
    pages = {103--111},
    posted-at = {2011-03-13 19:59:53},
    priority = {2},
    publisher = {ACM},
    title = {A bridging model for parallel computation},
    url = {http://dx.doi.org/10.1145/79173.79181},
    volume = {33},
    year = {1990}
}

@article{Culler1996,
    address = {New York, NY, USA},
    author = {Culler, David E. and Karp, Richard M. and Patterson, David and Sahay, Abhijit and Santos, Eunice E. and Schauser, Klaus E. and Subramonian, Ramesh and von Eicken, Thorsten},
    doi = {10.1145/240455.240477},
    issn = {0001-0782},
    journal = {Commun. ACM},
    keywords = {algorithms, computing, gpu, models, parallel},
    month = nov,
    pages = {78--85},
    posted-at = {2011-03-13 20:11:32},
    priority = {2},
    publisher = {ACM},
    title = {{LogP}: a practical model of parallel computation},
    url = {http://dx.doi.org/10.1145/240455.240477},
    volume = {39},
    year = {1996}
}

@inproceedings{Fortune78,
    address = {New York, NY, USA},
    author = {Fortune, Steven and Wyllie, James},
    booktitle = {Proceedings of the tenth annual ACM symposium on Theory of computing},
    doi = {10.1145/800133.804339},
    keywords = {algorithms, gpu, models, parallel, processing},
    location = {San Diego, California, United States},
    pages = {114--118},
    posted-at = {2011-03-13 21:35:39},
    priority = {2},
    publisher = {ACM},
    series = {STOC '78},
    title = {Parallelism in random access machines},
    url = {http://dx.doi.org/10.1145/800133.804339},
    year = {1978}
}

@incollection{Gerbessiotis92,
    author = {Gerbessiotis, Alexandras and Valiant, Leslie},
    booktitle = {Algorithm Theory . SWAT '92},
    doi = {10.1007/3-540-55706-7\_1},
    editor = {Nurmi, Otto and Ukkonen, Esko},
    keywords = {algorithms, computing, gpu, models, parallel},
    pages = {1--18},
    posted-at = {2011-03-13 23:41:03},
    priority = {2},
    publisher = {Springer Berlin / Heidelberg},
    series = {Lecture Notes in Computer Science},
    title = {Direct bulk-synchronous parallel algorithms},
    url = {http://dx.doi.org/10.1007/3-540-55706-7\_1},
    volume = {621},
    year = {1992}
}

@article{Willinger2009,
    address = {New York, NY, USA},
    author = {Willinger, Walter and Rejaie, Reza and Torkjazi, Mojtaba and Valafar, Masoud and Maggioni, Mauro},
    doi = {10.1145/1710115.1710125},
    issn = {0163-5999},
    journal = {SIGMETRICS Perform. Eval. Rev.},
    keywords = {characterization, graphs, modeling, networks, online, social},
    month = jan,
    number = {3},
    pages = {49--54},
    posted-at = {2011-03-14 06:59:02},
    priority = {2},
    publisher = {ACM},
    title = {Research on online social networks: time to face the real challenges},
    url = {http://dx.doi.org/10.1145/1710115.1710125},
    volume = {37},
    year = {2010}
}

@article{Cormode2010,
    author = {Cormode, Graham and Krishnamurthy, Balachander and Willinger, Walter},
    day = {6},
    journal = {First Monday},
    month = sep,
    number = {9},
    posted-at = {2011-03-14 07:02:38},
    priority = {2},
    title = {A manifesto for modeling and measurement in social media},
    url = {http://firstmonday.org/htbin/cgiwrap/bin/ojs/index.php/fm/article/view/3072},
    volume = {15},
    year = {2010}
}

@inproceedings{Zhao2009,
    address = {Berkeley, CA, USA},
    author = {Zhao, Yao and Xie, Yinglian and Yu, Fang and Ke, Qifa and Yu, Yuan and Chen, Yan and Gillum, Eliot},
    booktitle = {Proceedings of the 6th USENIX symposium on Networked systems design and implementation},
    location = {Boston, Massachusetts},
    pages = {321--334},
    posted-at = {2011-03-14 07:05:30},
    priority = {0},
    publisher = {USENIX Association},
    title = {{BotGraph}: large scale spamming botnet detection},
    url = {http://portal.acm.org/citation.cfm?id=1558999},
    year = {2009}
}

@article{mizell2009early,
  title={{Early experiences with large-scale Cray XMT systems}},
  author={Mizell, D. and Maschhoff, K.},
  year={2009},
  publisher={IEEE}
}

@article{yoo2005scalable,
  title={{A scalable distributed parallel breadth-first search algorithm on bluegene/l}},
  author={Yoo, A. and Chow, E. and Henderson, K. and McLendon, W. and Hendrickson, B. and Catalyurek, U.},
  year={2005},
  publisher={IEEE Computer Society}
}

@online{graph500,
  title={{The Graph 500 List}},
  year={2011},
  url="\url{http://www.graph500.org/}",
}

@online{franklin2011cray,
  title={{Franklin (Cray XT4)}},
  year={2011},
  url="\url{http://www.nersc.gov/nusers/resources/franklin/about.php}",
}

@inproceedings{rmat,
    author = {Chakrabarti, Deepayan and Zhan, Yiping and Faloutsos, Christos},
    booktitle = {Fourth SIAM International Conference on Data Mining},
    citeulike-article-id = {622485},
    citeulike-linkout-0 = {http://www.cs.cmu.edu/\~{}christos/PUBLICATIONS/siam04.pdf},
    keywords = {571r, graph, totem},
    month = apr,
    posted-at = {2011-04-14 08:16:48},
    priority = {0},
    title = {{R-MAT}: A Recursive Model for Graph Mining},
    url = {\url{http://www.cs.cmu.edu/~christos/PUBLICATIONS/siam04.pdf}},
    year = {2004}
}
