@article{Quinn1984,
    address = {New York, NY, USA},
    author = {Quinn, Michael J. and Deo, Narsingh},
    doi = {10.1145/2514.2515},
    issn = {0360-0300},
    journal = {ACM Comput. Surv.},
    keywords = {contribution, graphs, networks, social, tagging, user},
    month = {September},
    number = {3},
    pages = {319--348},
    posted-at = {2011-01-25 19:28:23},
    priority = {2},
    publisher = {ACM},
    title = {{Parallel graph algorithms}},
    url = {http://dx.doi.org/10.1145/2514.2515},
    volume = {16},
    year = {1984}
}

@article{Atallah1984,
    author = {Atallah, M.},
    doi = {10.1016/0022-0000(84)90003-5},
    issn = {00220000},
    journal = {Journal of Computer and System Sciences},
    keywords = {euler, parallel, tour},
    month = {December},
    number = {3},
    pages = {330--337},
    priority = {2},
    title = {{Finding Euler tours in parallel}},
    url = {http://dx.doi.org/10.1016/0022-0000(84)90003-5},
    volume = {29},
    year = {1984}
}

@inproceedings{Wei2010,
    address = {New York, NY, USA},
    author = {Wei, Fang},
    booktitle = {Proceedings of the 2010 international conference on Management of data},
    doi = {10.1145/1807167.1807181},
    isbn = {978-1-4503-0032-2},
    keywords = {algorithms, community, detection, gpu, graphs, networks, social},
    location = {Indianapolis, Indiana, USA},
    pages = {99--110},
    priority = {2},
    publisher = {ACM},
    series = {SIGMOD '10},
    title = {{TEDI: efficient shortest path query answering on graphs}},
    url = {http://dx.doi.org/10.1145/1807167.1807181},
    year = {2010}
}

@article{Hendrickson2008,
    author = {Hendrickson, Bruce and Berry, Jonathan W.},
    booktitle = {Computing in Science \& Engineering},
    doi = {10.1109/MCSE.2008.56},
    issn = {1521-9615},
    journal = {Computing in Science \& Engineering},
    month = {March},
    number = {2},
    pages = {14--19},
    priority = {3},
    title = {{Graph Analysis with High-Performance Computing}},
    url = {http://dx.doi.org/10.1109/MCSE.2008.56},
    volume = {10},
    year = {2008}
}

@article{Zerbino2008,
    author = {Zerbino, Daniel R. and Birney, Ewan},
    booktitle = {Genome Research},
    day = {1},
    doi = {10.1101/gr.074492.107},
    issn = {1088-9051},
    journal = {Genome research},
    month = {May},
    number = {5},
    pages = {821--829},
    priority = {2},
    title = {{Velvet: algorithms for de novo short read assembly using de Bruijn graphs.}},
    url = {http://dx.doi.org/10.1101/gr.074492.107},
    volume = {18},
    year = {2008}
}

@inproceedings{Malewicz2009,
    address = {New York, NY, USA},
    author = {Malewicz, Grzegorz and Austern, Matthew H. and Bik, Aart J. C. and Dehnert, James C. and Horn, Ilan and Leiser, Naty and Czajkowski, Grzegorz},
    booktitle = {Proceedings of the 28th ACM symposium on Principles of distributed computing},
    doi = {10.1145/1582716.1582723},
    isbn = {978-1-60558-396-9},
    location = {Calgary, AB, Canada},
    pages = {6},
    publisher = {ACM},
    series = {PODC '09},
    title = {{Pregel: a system for large-scale graph processing}},
    url = {http://dx.doi.org/10.1145/1582716.1582723},
    year = {2009}
}

@inproceedings{Gregor2005,
    author = {Gregor, Douglas and Lumsdaine, Andrew},
    booktitle = {In Parallel Object-Oriented Scientific Computing (POOSC},
    title = {{The parallel BGL: A generic library for distributed graph computations}},
    url = {http://citeseerx.ist.psu.edu/viewdoc/summary?doi=10.1.1.84.2137},
    year = {2005}
}

@misc{McCloskey2010,
    author = {McCloskey, Joe},
    booktitle = {SIAM AN10 Minisymposium on Analyzing Massive Real-World Graphs},
    howpublished = {http://www.graphanalysis.org/SIAM-AN10/02\_McCloskey.pdf},
    title = {{Modularity and Graph Algorithms}},
    url = {http://www.graphanalysis.org/SIAM-AN10/02\_McCloskey.pdf}
}

@inproceedings{Sungpack2010,
    author = {Sungpack Hong, Sang K.},
    title = {{Accelerating CUDA Graph Algorithms at Maximum Warp}},
    url = {http://ppl.stanford.edu/papers/ppopp070a-hong.pdf}
}

@incollection{Harish2007,
    address = {Berlin, Heidelberg},
    author = {Harish, Pawan and Narayanan, P.},
    booktitle = {High Performance Computing – HiPC 2007},
    chapter = {21},
    doi = {10.1007/978-3-540-77220-0\_21},
    editor = {Aluru, Srinivas and Parashar, Manish and Badrinath, Ramamurthy and Prasanna, Viktor},
    isbn = {978-3-540-77219-4},
    journal = {High Performance Computing – HiPC 2007},
    pages = {197--208},
    publisher = {Springer Berlin / Heidelberg},
    series = {Lecture Notes in Computer Science},
    title = {{Accelerating Large Graph Algorithms on the GPU Using CUDA}},
    url = {http://dx.doi.org/10.1007/978-3-540-77220-0\_21},
    volume = {4873},
    year = {2007}
}

@article{Demetrescu2004,
    address = {New York, NY, USA},
    author = {Demetrescu, Camil and Italiano, Giuseppe F.},
    doi = {10.1145/1039488.1039492},
    issn = {0004-5411},
    journal = {J. ACM},
    keywords = {534l, community, detection, improvement},
    number = {6},
    pages = {968--992},
    publisher = {ACM},
    title = {{A new approach to dynamic all pairs shortest paths}},
    url = {http://dx.doi.org/10.1145/1039488.1039492},
    volume = {51},
    year = {2004}
}

@article{Demestrescu2006,
    address = {New York, NY, USA},
    author = {Demetrescu, Camil and Italiano, Giuseppe F.},
    doi = {10.1145/1198513.1198519},
    issn = {1549-6325},
    journal = {ACM Trans. Algorithms},
    number = {4},
    pages = {578--601},
    posted-at = {2011-01-10 19:22:48},
    priority = {2},
    publisher = {ACM},
    title = {{Experimental analysis of dynamic all pairs shortest path algorithms}},
    url = {http://dx.doi.org/10.1145/1198513.1198519},
    volume = {2},
    year = {2006}
}

@inproceedings{Katz2008,
    address = {Aire-la-Ville, Switzerland, Switzerland},
    author = {Katz, Gary J. and Kider, Joseph T.},
    booktitle = {GH '08: Proceedings of the 23rd ACM SIGGRAPH/EUROGRAPHICS symposium on Graphics hardware},
    isbn = {978-3-905674-09-5},
    location = {Sarajevo, Bosnia and Herzegovina},
    pages = {47--55},
    posted-at = {2011-01-10 19:21:39},
    priority = {3},
    publisher = {Eurographics Association},
    title = {{All-pairs shortest-paths for large graphs on the GPU}},
    url = {http://portal.acm.org/citation.cfm?id=1413957.1413966},
    year = {2008}
}

@article{Newman2004,
    author = {Newman, M. E. J. and Girvan, M.},
    doi = {10.1103/PhysRevE.69.026113},
    journal = {Physical Review E},
    keywords = {534l, community, detection, networks, social},
    month = {Feb},
    number = {2},
    pages = {026113+},
    posted-at = {2011-01-10 19:20:56},
    priority = {0},
    publisher = {American Physical Society},
    title = {{Finding and evaluating community structure in networks}},
    url = {http://dx.doi.org/10.1103/PhysRevE.69.026113},
    volume = {69},
    year = {2004}
}

@book{Cormen2009,
author = {Cormen, Thomas H. and Leiserson, Charles E. and Rivest, Ronald L. and Stein, Clifford},
edition = {3},
isbn = {0262033844},
month = {September},
publisher = {The MIT Press},
title = {{Introduction to Algorithms, Third Edition}},
year = {2009}
}

@article{Kulkarni2009,
    address = {New York, NY, USA},
    author = {Kulkarni, Milind and Burtscher, Martin and Inkulu, Rajeshkar and Pingali, Keshav and Cas\c{c}aval, Calin},
    doi = {10.1145/1594835.1504181},
    issn = {0362-1340},
    journal = {SIGPLAN Not.},
    month = {February},
    number = {4},
    pages = {3--14},
    publisher = {ACM},
    title = {{How much parallelism is there in irregular applications?}},
    url = {http://dx.doi.org/10.1145/1594835.1504181},
    volume = {44},
    year = {2009}
}

@article{zerbino2008velvet,
  title={{Velvet: algorithms for de novo short read assembly using de Bruijn graphs}},
  author={Zerbino, D.R. and Birney, E.},
  journal={Genome research},
  volume={18},
  number={5},
  pages={821},
  issn={1088-9051},
  year={2008},
  publisher={Cold Spring Harbor Lab}
}

@article{pevzner2001eulerian,
  title={{An Eulerian path approach to DNA fragment assembly}},
  author={Pevzner, P.A. and Tang, H. and Waterman, M.S.},
  journal={Proceedings of the National Academy of Sciences of the United States of America},
  volume={98},
  number={17},
  pages={9748},
  year={2001},
  publisher={National Acad Sciences}
}

@article{lumsdaine2007challenges,
  title={{Challenges in parallel graph processing}},
  author={Lumsdaine, A. and Gregor, D. and Hendrickson, B. and Berry, J. and Guest Editors, J.},
  journal={Parallel Processing Letters},
  volume={17},
  number={1},
  pages={5--20},
  issn={0129-6264},
  year={2007},
  publisher={Citeseer}
}

@article{gregor2005parallel,
  title={{The Parallel BGL: A generic library for distributed graph computations}},
  author={Gregor, D. and Lumsdaine, A.},
  journal={Parallel Object-Oriented Scientific Computing (POOSC)},
  year={2005},
  publisher={Citeseer}
}

@article{simpson2009abyss,
  title={{ABySS: A parallel assembler for short read sequence data}},
  author={Simpson, J.T. and Wong, K. and Jackman, S.D. and Schein, J.E. and Jones, S.J.M. and Birol, {\.I}.},
  journal={Genome research},
  volume={19},
  number={6},
  pages={1117},
  issn={1088-9051},
  year={2009},
  publisher={Cold Spring Harbor Lab}
}

@article{venter2010multiple,
  title={{Multiple personal genomes await}},
  author={Venter, J.C.},
  journal={Nature},
  volume={464},
  number={7289},
  pages={676--677},
  issn={0028-0836},
  year={2010},
  publisher={Nature Publishing Group}
}

@article{schatz2010high,
  title={{High Performance Computing for DNA Sequence Alignment and Assembly}},
  author={Schatz, M.C.},
  year={2010}
}

@article{dehne2010exploring,
  title={{Exploring the Limits of GPUs With Parallel Graph Algorithms}},
  author={Dehne, F. and Yogaratnam, K.},
  journal={Arxiv preprint arXiv:1002.4482},
  year={2010}
}

@article{Meyer2003,
    address = {Duluth, MN, USA},
    author = {Meyer, U.},
    doi = {10.1016/S0196-6774(03)00076-2},
    issn = {01966774},
    journal = {Journal of Algorithms},
    month = {October},
    number = {1},
    pages = {114--152},
    publisher = {Academic Press, Inc.},
    title = {{$\Delta$-stepping: a parallelizable shortest path algorithm}},
    url = {http://dx.doi.org/10.1016/S0196-6774(03)00076-2},
    volume = {49},
    year = {2003}
}